@online{example1,
author = {exampleauthor},
title = {exampletitle},
year = {2000},
url = {example.url},
OPTsubtitle = {•},
OPTtitleaddon = {•},
OPTlanguage = {•},
OPTversion = {•},
OPTnote = {•},
OPTorganization = {•},
OPTdate = {•},
OPTmonth = {•},
OPTaddendum = {•},
OPTpubstate = {•},
OPTurldate = {•},
}


@mvbook{enc_brit,
author = {Verschiedene},
title = {Encyclopedia Britannica},
year = {1911},
OPTeditor = {•},
OPTeditora = {•},
OPTeditorb = {•},
OPTeditorc = {•},
OPTtranslator = {•},
OPTannotator = {•},
OPTcommentator = {•},
OPTintroduction = {•},
OPTforeword = {•},
OPTafterword = {•},
OPTsubtitle = {•},
OPTtitleaddon = {•},
OPTlanguage = {•},
OPToriglanguage = {•},
OPTedition = {•},
OPTvolumes = {•},
OPTseries = {•},
OPTnumber = {•},
OPTnote = {•},
OPTpublisher = {•},
OPTlocation = {•},
OPTisbn = {•},
OPTpagetotal = {•},
OPTaddendum = {•},
OPTpubstate = {•},
OPTdoi = {•},
OPTeprint = {•},
OPTeprintclass = {•},
OPTeprinttype = {•},
OPTurl = {http://en.wikisource.org/wiki/1911_Encyclop%C3%A6dia_Britannica/Academy,_Greek},
OPTurldate = {2015.03.06; 17:42},
}

@book{ik_kritik,
author = {Immanuel Kant},
title = {Kritik der reinen Vernunft},
year = {1781},
OPTeditor = {•},
OPTeditora = {•},
OPTeditorb = {•},
OPTeditorc = {•},
OPTtranslator = {•},
OPTannotator = {•},
OPTcommentator = {•},
OPTintroduction = {•},
OPTforeword = {•},
OPTafterword = {•},
OPTsubtitle = {•},
OPTtitleaddon = {•},
OPTmaintitle = {•},
OPTmainsubtitle = {•},
OPTmaintitleaddon = {•},
OPTlanguage = {•},
OPToriglanguage = {•},
OPTvolume = {•},
OPTpart = {•},
OPTedition = {•},
OPTvolumes = {•},
OPTseries = {•},
OPTnumber = {•},
OPTnote = {•},
OPTpublisher = {•},
OPTlocation = {•},
OPTisbn = {•},
OPTchapter = {121},
OPTpages = {•},
OPTpagetotal = {•},
OPTaddendum = {•},
OPTpubstate = {•},
OPTdoi = {•},
OPTeprint = {•},
OPTeprintclass = {•},
OPTeprinttype = {•},
OPTurl = {http://gutenberg.spiegel.de/buch/kritik-der-reinen-vernunft-1-auflage-3508/121},

}




% OPTurldate = {2015.03.06; 17:31

@book{stough1969greek,
  title={Greek Skepticism; a Study in Epistemology},
  author={Stough, C.L.},
  year={1969},
OPTeditor = {•},
OPTeditora = {•},
OPTeditorb = {•},
OPTeditorc = {•},
OPTtranslator = {•},
OPTannotator = {•},
OPTcommentator = {•},
OPTintroduction = {•},
OPTforeword = {•},
OPTafterword = {•},
OPTsubtitle = {•},
OPTtitleaddon = {•},
OPTmaintitle = {•},
OPTmainsubtitle = {•},
OPTmaintitleaddon = {•},
OPTlanguage = {•},
OPToriglanguage = {•},
OPTvolume = {•},
OPTpart = {•},
OPTedition = {•},
OPTvolumes = {•},
OPTseries = {The Sather lectures},
OPTnumber = {•},
OPTnote = {•},
OPTpublisher = {University of California Press},
OPTlocation = {•},
OPTisbn = {9780520016040},
OPTchapter = {•},
OPTpages = {•},
OPTpagetotal = {•},
OPTaddendum = {•},
OPTpubstate = {•},
OPTdoi = {•},
OPTeprint = {•},
OPTeprintclass = {•},
OPTeprinttype = {•},
OPTurl = {https://books.google.de/books?id=ky\_z4NHa-oUC},
OPTurldate = {2015.03.06; 17:30},
}
%url={https://books.google.de/books?id=ky\_z4NHa-oUC},
%  lccn={lc76082464},1

@book{trini_x,
author = {Augustinus von Hippo},
title = {De trinitate},
year = {399 - 419},
OPTeditor = {•},
OPTeditora = {•},
OPTeditorb = {•},
OPTeditorc = {•},
OPTtranslator = {•},
OPTannotator = {•},
OPTcommentator = {•},
OPTintroduction = {•},
OPTforeword = {•},
OPTafterword = {•},
OPTsubtitle = {•},
OPTtitleaddon = {•},
OPTmaintitle = {•},
OPTmainsubtitle = {•},
OPTmaintitleaddon = {•},
OPTlanguage = {•},
OPToriglanguage = {•},
OPTvolume = {•},
OPTpart = {X},
OPTedition = {•},
OPTvolumes = {•},
OPTseries = {•},
OPTnumber = {•},
OPTnote = {•},
OPTpublisher = {•},
OPTlocation = {•},
OPTisbn = {•},
OPTchapter = {•},
OPTpages = {•},
OPTpagetotal = {•},
OPTaddendum = {•},
OPTpubstate = {•},
OPTdoi = {•},
OPTeprint = {•},
OPTeprintclass = {•},
OPTeprinttype = {•},
OPTurl = {http://www.hs-augsburg.de/~harsch/Chronologia/Lspost05/Augustinus/aug_tr10.html},
OPTurldate = {2015.03.06; 17:50},
}

